@online{2015_TalkTalk_data_breach,
	title={2015 TalkTalk data breach},
	url={https://en.wikipedia.org/wiki/2015_TalkTalk_data_breach},
	urldate={04.05.2024},
	language={english},
}

@online{Acunetix_tool,
	title={Acunetix - All-in-One Web Application Security Scanner},
	url={https://www.acceron.net/index.php/products/acunetix},
	urldate={16.05.2024},
	language={english},
}

@online{Burp_Suite_tool,
	title={Burp Suite Community Edition},
	url={https://www.zaproxy.org/},
	urldate={04.05.2024},
	language={english},
}

@online{Burp_Suite_habr,
	title={Burp Suite: швейцарский армейский нож для тестирования веб-приложений},
	url={https://habr.com/ru/articles/328382/},
	urldate={04.05.2024},
	language={russian},
}

@online{Burp_Suite_github,
	title={Burpsuite Professional v2024 latest},
	url={https://github.com/xiv3r/Burpsuite-Professional},
	urldate={21.05.2024},
	language={english},
}

@online{Cloudflare_anti_attack_2,
	title={Cloudflare отразила рекордную DDoS-атаку мощностью 26 млн запросов в секунду},
	url={https://xakep.ru/2022/06/14/26-mln-rps/},
	urldate={04.05.2024},
	language={russian},
}

@online{Fortnite_attack,
	title={Epic's Fortnite fail: Ancient UT2004 server used for login-stealing proof-of-concept},
	url={https://www.theregister.com/2019/01/16/fortnite_security_vuln_token_theft/},
	urldate={04.05.2024},
	language={english},
}

@online{Facebook_attack,
	title={Facebook грозит 1,5-миллиардный штраф за утечку данных 50 млн пользователей},
	url={https://safe.cnews.ru/news/top/2018-10-01_facebook_grozit_milliardnyj_shtraf_za_utechku_dannyh},
	urldate={04.05.2024},
	language={russian},
}

@online{Github_anti_attack,
	title={February 28th DDoS Incident Report},
	url={https://github.blog/2018-03-01-ddos-incident-report/},
	urldate={04.05.2024},
	language={english},
}

@online{FindBugs_tool,
	title={FindBugs™ - Find Bugs in Java Programs},
	url={https://findbugs.sourceforge.net/},
	urldate={04.05.2024},
	language={english},
}

@online{Github_chat_site_project,
	title={Github репозиторий двухстраничного уязвимого сайта-чата},
	url={https://github.com/SeregaTheDed/Diplom_practise},
	urldate={09.05.2024},
	language={english},
}

@online{Shopify_anti_attack,
	title={Shopify Data Breach – Two Rogue Employees Stole Customer Data},
	url={https://gbhackers.com/shopify-data-breach/},
	urldate={04.05.2024},
	language={english},
}

@online{Sulley_tool,
	title={Sulley is a fuzzing engine and fuzz testing framework consisting of multiple extensible components},
	url={https://github.com/OpenRCE/sulley},
	urldate={16.05.2024},
	language={english},
}

@online{Twich_attack,
	title={This is why you sanitize user input: Chat hacked live by XSS/HTML code injection, hilarity ensues},
	url={https://www.youtube.com/watch?v=2GtbY1XWGlQ},
	urldate={16.05.2024},
	language={english},
}

@online{TikTok_attack,
	title={TikTok Careers Portal Account Takeover},
	url={https://security.lauritz-holtmann.de/advisories/tiktok-account-takeover/},
	urldate={17.05.2024},
	language={english},
}

@online{Wfuzz_tool,
	title={Wfuzz - The Web Fuzzer},
	url={https://github.com/xmendez/wfuzz},
	urldate={16.05.2024},
	language={english},
}

@online{XSS_Hunter_tool,
	title={XSS Hunter Express},
	url={https://github.com/mandatoryprogrammer/xsshunter-express},
	urldate={04.05.2024},
	language={english},
}

@online{Yasca_tool,
	title={Yasca - Yet Another Source Code Analyzer},
	url={https://scovetta.github.io/yasca/},
	urldate={04.05.2024},
	language={english},
}

@online{ZAP_tool,
	title={Zed Attack Proxy (ZAP)},
	url={https://www.zaproxy.org/},
	urldate={04.05.2024},
	language={english},
}

@online{SonarQube_tool,
	title={clean code for teams and enterprises with {SonarQube}},
	url={https://www.sonarsource.com/products/sonarqube/},
	urldate={04.05.2024},
	language={english},
}

@online{CSRF_tool,
	title={csrf-tester - HTML tool to test CSRF attacks on a website.},
	url={https://github.com/sergioccrr/csrf-tester},
	urldate={16.05.2024},
	language={english},
}

@online{SolarWinds_attack,
	title={Взлом года. Всё, что известно о компрометации SolarWinds на данный момент},
	url={https://xakep.ru/2020/12/23/solarwinds/},
	urldate={04.05.2024},
	language={russian},
}

@online{Marriott_International_attack,
	title={Крупнейшая в мире сеть отелей сообщила об утечке данных 500 млн клиентов},
	url={https://www.vedomosti.ru/business/articles/2018/11/30/788043-krupneishaya-mire},
	urldate={04.05.2024},
	language={russian},
}

@online{ZAP_habr,
	title={Обзор OWASP ZAP. Сканер для поиска уязвимостей в веб-приложениях},
	url={https://habr.com/ru/companies/first/articles/709586/},
	urldate={04.05.2024},
	language={russian},
}

@online{Sqlcontest_site,
	title={Сайт Sql-контеста для студентов ЯрГУ},
	url={http://sqlcontest.uniyar.ac.ru/},
	urldate={21.05.2024},
	language={russian},
}

@online{Cloudflare_anti_attack_1,
	title={У Cloudflare новый план борьбы с ботами и изменением климата},
	url={https://habr.com/ru/news/468717},
	urldate={04.05.2024},
	language={russian},
}

@online{OpenSSL_anti_attack,
	title={Уязвимость Heartbleed в библиотеке OpenSSL ставит SSL защиту под угрозу!},
	url={https://www.emaro-ssl.ru/blog/2/heartbleed/},
	urldate={04.05.2024},
	language={russian},
}

@online{2020_freepik_data_breach,
	title={Хакеры похитили данные 8 300 000 пользователей Freepik с помощью SQL-инъекции},
	url={https://xakep.ru/2020/08/24/freepik/},
	urldate={04.05.2024},
	language={russian},
}
