@book{Argun:2014,
  title={Java EE 7. Основы.},
  author={Арун Гупта},
  year={2014},
  address={Новосибирск},
  publisher={Издательство Вильямс},
  pagetotal={336},
  language={russian},
}

@book{Shildt:2018,
  title={Java. Руководство для начинающих. Современные методы создания, компиляции и выполнения программ на Java},
  author={Шилдт Герберт},
  year={2018},
  address={Новосибирск},
  publisher={Издательство Диалектика},
  pagetotal={816},
  language={russian},
}


@online{W3C:XML,
  title={W3C Recommendation: Extensible Markup Language (XML)},
  url={https://www.w3.org/TR/REC-xml},
  urldate={28.11.2008},
  language={english},
}

@online{Java:JAXP,
  title={Java API for XML Processing (JAXP)},
  url={https://docs.oracle.com/javase/8/docs/technotes/guides/xml/index.html},
  urldate={01.12.2009},
  language={english},
}

@online{Str:XStream,
  title={About XStream},
  url={https://x-stream.github.io/},
  urldate={20.04.2020},
  language={english},
}

@online{Str:SimpleXML,
  title={Simple XML},
  url={https://simple.sourceforge.net/},
  urldate={20.04.2020},
  language={english},
}